
@book{DowneyF2013,
  Author = {Rodney G. Downey and Michael R. Fellows},
  Publisher = {Springer},
  Title = {Fundamentals of Parameterized Complexity},
  year = {2013},
}

@article{BodlaenderK2006,
 author = {Bodlaender, Hans L. and Koster, Arie M. C. A.},
 title = {Safe Separators for Treewidth},
 journal = {Discrete Math.},
 issue_date = {February, 2006},
 volume = {306},
 number = {3},
 month = feb,
 year = {2006},
 issn = {0012-365X},
 pages = {337--350},
 numpages = {14},
 url = {http://dx.doi.org/10.1016/j.disc.2005.12.017},
 doi = {10.1016/j.disc.2005.12.017},
 acmid = {2652366},
 publisher = {Elsevier Science Publishers B. V.},
 address = {Amsterdam, The Netherlands, The Netherlands},
 keywords = {Graph algorithms, Preprocessing, Separators, Treewidth},
} 
[download]